@inproceedings{grover2016node2vec,
  added-at = {2020-06-09T09:24:45.000+0200},
  author = {Grover, Aditya and Leskovec, Jure},
  biburl = {https://www.bibsonomy.org/bibtex/2fc736fd7cd3e5fb29e116c65434dc286/timuw},
  booktitle = {Proceedings of the 22nd ACM SIGKDD international conference on Knowledge discovery and data mining},
  interhash = {ca9e06fe185612d3492f8d54d5ee752b},
  intrahash = {fc736fd7cd3e5fb29e116c65434dc286},
  pages = {855--864},
  timestamp = {2020-06-09T09:24:45.000+0200},
  title = {node2vec: Scalable feature learning for networks},
  year = 2016
}

@inproceedings{lombardo2019actornode2vec,
  author          = {Gianfranco Lombardo and Agostino Poggi},
  booktitle       = {Proceedings of the 20th Workshop From Objects to Agents},
  title           = {A Scalable and Distributed Actor-Based Version of the Node2Vec Algorithm},
  year            = {2019},
  pages           = {134-141},
  location        = {Parma, Italy},
}


@article{fang2023distributed,
  title={Distributed Graph Embedding with Information-Oriented Random Walks},
  author={Fang, Peng and Khan, Arijit and Luo, Siqiang and Wang, Fang and Feng, Dan and Li, Zhenli and Yin, Wei and Cao, Yuchao},
  journal={arXiv preprint arXiv:2303.15702},
  year={2023}
}

@article{anil2018large,
  title={Large scale distributed neural network training through online distillation},
  author={Anil, Rohan and Pereyra, Gabriel and Passos, Alexandre and Ormandi, Robert and Dahl, George E and Hinton, Geoffrey E},
  journal={arXiv preprint arXiv:1804.03235},
  year={2018}
}

@article{gupta2018distributed,
  title={Distributed learning of deep neural network over multiple agents},
  author={Gupta, Otkrist and Raskar, Ramesh},
  journal={Journal of Network and Computer Applications},
  volume={116},
  pages={1--8},
  year={2018},
  publisher={Elsevier}
}

@article{church2017word2vec,
  title={Word2Vec},
  author={Church, Kenneth Ward},
  journal={Natural Language Engineering},
  volume={23},
  number={1},
  pages={155--162},
  year={2017},
  publisher={Cambridge University Press}
}

@article{zachary1977information,
  title={An information flow model for conflict and fission in small groups},
  author={Zachary, Wayne W},
  journal={Journal of anthropological research},
  volume={33},
  number={4},
  pages={452--473},
  year={1977},
  publisher={University of New Mexico}
}

@article{leskovec2009community,
  title={Community structure in large networks: Natural cluster sizes and the absence of large well-defined clusters},
  author={Leskovec, Jure and Lang, Kevin J and Dasgupta, Anirban and Mahoney, Michael W},
  journal={Internet Mathematics},
  volume={6},
  number={1},
  pages={29--123},
  year={2009},
  publisher={Taylor \& Francis}
}

@article{abbe2018community,
  title={Community detection and stochastic block models: recent developments},
  author={Abbe, Emmanuel},
  journal={Journal of Machine Learning Research},
  volume={18},
  number={177},
  pages={1--86},
  year={2018}
}

@article{Lancichinetti_2009,
   title={Detecting the overlapping and hierarchical community structure in complex networks},
   volume={11},
   ISSN={1367-2630},
   url={http://dx.doi.org/10.1088/1367-2630/11/3/033015},
   DOI={10.1088/1367-2630/11/3/033015},
   number={3},
   journal={New Journal of Physics},
   publisher={IOP Publishing},
   author={Lancichinetti, Andrea and Fortunato, Santo and Kertész, János},
   year={2009},
   month=mar, pages={033015} 
}

@misc{yip2023restoregraphembeddingassessment,
      title={RESTORE: Graph Embedding Assessment Through Reconstruction}, 
      author={Hong Yung Yip and Chidaksh Ravuru and Neelabha Banerjee and Shashwat Jha and Amit Sheth and Aman Chadha and Amitava Das},
      year={2023},
      eprint={2308.14659},
      archivePrefix={arXiv},
      primaryClass={cs.LG},
      url={https://arxiv.org/abs/2308.14659}, 
}